

@article( Aho75Fast, 
  author =	"A.V. Aho
		and M.J. Corasick", 
  title =	"Fast Pattern Matching: an Aid to Bibliographic Search", 
  year =	1975, 
  month =	jun, 
  journal =	"CACM", 
  volume =	18, 
  number =	6, 
  pages =	"333-340", 
  keywords =	"fulltext" )
