@misc{ApacheSoftwareFoundation2011,
author = {{Apache Software Foundation}},
title = {{Apache Hadoop}},
url = {http://hadoop.apache.org/},
year = {2011}
}
@inproceedings{Papadimitriou2005,
author = {Papadimitriou, S. and Sun, J. and Faloutsos, Christos},
booktitle = {Proceedings of the 31st international conference on Very large data bases},
file = {:Users/mrcaps/Documents/Mendeley Desktop/p697-papadimitriou.pdf:pdf},
pages = {697--708},
publisher = {VLDB Endowment},
title = {{Streaming pattern discovery in multiple time-series}},
url = {http://portal.acm.org/citation.cfm?id=1083674},
year = {2005}
}
@inproceedings{Lavrenko2000,
author = {Lavrenko, V. and Schmill, M. and Lawrie, D. and Ogilvie, P. and Jensen, D. and Allan, J.},
booktitle = {KDD-2000 Workshop on Text Mining},
file = {:Users/mrcaps/Documents/Mendeley Desktop/Lavrenko et al. - 2000 - Mining of concurrent text and time series.pdf:pdf},
publisher = {Citeseer},
title = {{Mining of concurrent text and time series}},
url = {http://citeseerx.ist.psu.edu/viewdoc/download?doi=10.1.1.71.981\&amp;rep=rep1\&amp;type=pdf},
year = {2000}
}
@inproceedings{Li2009,
author = {Li, Lei and McCann, J. and Pollard, N.S. and Faloutsos, Christos},
booktitle = {Proceedings of the 15th ACM SIGKDD international conference on Knowledge discovery and data mining},
file = {:Users/mrcaps/Documents/Mendeley Desktop/Li, McCann, Pollard - 2009 - Dynammo Mining and summarization of coevolving sequences with missing values.pdf:pdf},
isbn = {9781605584959},
keywords = {bayesian network,em,expectation maximization,missing value,time series},
pages = {507--516},
publisher = {ACM},
title = {{Dynammo: Mining and summarization of coevolving sequences with missing values}},
url = {http://portal.acm.org/citation.cfm?id=1557078},
year = {2009}
}
@article{Litwin1980,
author = {Litwin, W},
file = {:Users/mrcaps/Documents/Mendeley Desktop/Litwin - 1980 - Linear hashing A new tool for file and table addressing.pdf:pdf},
pages = {212--223},
title = {{Linear hashing: A new tool for file and table addressing}},
url = {http://pages.cpsc.ucalgary.ca/~verwaal/335/W2004/handouts/litwin.linear-hashing.pdf},
year = {1980}
}
@inproceedings{Nguyen2011,
author = {Nguyen, Hiep and Tan, Yongmin and Gu, Xiaohui},
booktitle = {SLAML},
file = {:Users/mrcaps/Documents/Mendeley Desktop/slaml11.pdf:pdf},
isbn = {9781450309783},
keywords = {anomaly propagation,cloud comput-,fault localization},
title = {{PAL: Propagation-aware Anomaly Localization for Cloud Hosted Distributed Applications}},
url = {http://dance.csc.ncsu.edu/papers/slaml11.pdf},
year = {2011}
}
@article{Roweis1999,
author = {Roweis, Sam and Ghahramani, Zoubin},
doi = {10.1162/089976699300016674},
file = {:Users/mrcaps/Documents/Mendeley Desktop/10.1.1.30.5555.pdf:pdf},
issn = {0899-7667},
journal = {Neural Computation},
month = feb,
number = {2},
pages = {305--345},
publisher = {MIT Press},
title = {{A Unifying Review of Linear Gaussian Models}},
url = {http://www.mitpressjournals.org/doi/abs/10.1162/089976699300016674},
volume = {11},
year = {1999}
}
@inproceedings{Sakurai2011,
author = {Sakurai, Yasushi and Li, L. and Matsubara, Y. and Faloutsos, Christos},
booktitle = {SDM},
file = {:Users/mrcaps/Documents/Mendeley Desktop/Sakurai2011.pdf:pdf},
number = {c},
title = {{WindMine: Fast and Effective Mining of Web-click Sequences}},
url = {http://www.kecl.ntt.co.jp/csl/sirg/people/yasushi/windmine.pdf},
year = {2011}
}
@article{Sun2008,
author = {Sun, Jimeng and Tsourakakis, C.E. and Hoke, Evan and Faloutsos, Christos},
doi = {10.1007/s10618-008-0112-3},
file = {:Users/mrcaps/Documents/Mendeley Desktop/Sun et al. - 2008 - Two heads better than one pattern discovery in time-evolving multi-aspect data.pdf:pdf},
journal = {Knowledge Discovery},
number = {1},
pages = {111--128},
publisher = {Springer},
title = {{Two heads better than one: pattern discovery in time-evolving multi-aspect data}},
url = {http://www.springerlink.com/index/JM8213L22436N736.pdf},
volume = {17},
year = {2008}
}
@inproceedings{Xu,
annote = {Describes how Google mines console logs.
The flavor of compression isn't noted or desrbied in any detail.},
author = {Xu, Wei and Huang, L. and Fox, Armando and Patterson, David and Jordan, Michael},
booktitle = {SLAML},
file = {:Users/mrcaps/Documents/Mendeley Desktop/Xu et al. - Unknown - Experience Mining Google’s Production Console Logs.pdf:pdf},
title = {{Experience Mining Google’s Production Console Logs}},
url = {http://www.usenix.org/events/slaml10/tech/full\_papers/Xu.pdf},
year = {2010}
}
@inproceedings{Xu2009,
address = {New York, New York, USA},
author = {Xu, Wei and Huang, Ling and Fox, Armando and Patterson, David and Jordan, M.I.},
booktitle = {Proceedings of the ACM SIGOPS 22nd symposium on Operating systems principles},
doi = {10.1145/1629575.1629587},
file = {:Users/mrcaps/Documents/Mendeley Desktop/xu-sosp09.pdf:pdf},
isbn = {9781605587523},
pages = {117--132},
publisher = {ACM},
title = {{Detecting large-scale system problems by mining console logs}},
url = {http://portal.acm.org/citation.cfm?doid=1629575.1629587 http://portal.acm.org/ft\_gateway.cfm?id=1629587\&amp;type=pdf},
year = {2009}
}
@inproceedings{Zhu2002,
author = {Zhu, Y. and Shasha, D.},
booktitle = {Proceedings of the 28th international conference on Very Large Data Bases},
file = {:Users/mrcaps/Documents/Mendeley Desktop/Zhu2002.pdf:pdf},
pages = {358--369},
publisher = {VLDB Endowment},
title = {{StatStream: Statistical monitoring of thousands of data streams in real time}},
url = {http://portal.acm.org/citation.cfm?id=1287401},
year = {2002}
}
@inproceedings{Zhu2003,
address = {New York, New York, USA},
author = {Zhu, Yunyue and Shasha, Dennis},
booktitle = {Proceedings of the ninth ACM SIGKDD international conference on Knowledge discovery and data mining},
doi = {10.1145/956755.956789},
file = {:Users/mrcaps/Documents/Mendeley Desktop/Zhu2003.pdf:pdf},
isbn = {1581137370},
keywords = {data stream,elastic burst},
pages = {336--345},
publisher = {ACM},
title = {{Efficient elastic burst detection in data streams}},
url = {http://portal.acm.org/citation.cfm?doid=956750.956789 http://portal.acm.org/citation.cfm?id=956789},
year = {2003}
}
